@misc{gamificacion,
        author = {Santander Universidades},
	title = {Ventajas de la gamificación en el aula: qué herramientas utilizar y cómo},
	url = {https://www.becas-santander.com/es/blog/gamificacion-en-el-aula.html},
	abstract = {¿Qué opinas del aprendizaje a través de la diversión? Descubre las ventajas de la gamificación en el aula y las mejores herramientas para desarrollarla.},
	language = {es},
	urldate = {2023-05-16},
	month = mar,
	year = {2022},
	howpublished = "\url{https://www.becas-santander.com/es/blog/gamificacion-en-el-aula.html}"
}


@misc{gamyserious,
	author = {Ana García Jiménez},
	title = {Serious games y {Gamificación}, ¿en qué se diferencian?},
	url = {https://blog.gestazion.com/serious-games-y-gamificación},
	abstract = {Aunque puedan parecer conceptos similares, la gamificación y los serious games no son lo mismo. Te contamos en qué se diferencian.},
	language = {es},
	urldate = {2023-05-16},
	month = nov,
	year = {2017},
	howpublished = "\url{https://blog.gestazion.com/serious-games-y-gamificación}"
}

@misc{serious,
	author = {Karina Fuerte},
	title = {¿{Qué} son los {Serious} {Games}?},
	url = {https://observatorio.tec.mx/edu-news/que-son-los-serious-games/},
	abstract = {Los serious games son especialmente eficaces para el aprendizaje de habilidades concretas, desde aprender matemáticas, idiomas o prevenir el bullying.},
	language = {es},
	urldate = {2023-05-16},
	month = sep,
	year = {2018},
        journal = {Observatorio / Instituto para el Futuro de la Educación},
	howpublished = "\url{https://observatorio.tec.mx/edu-news/que-son-los-serious-games/}"
}


@misc{gamificacion1,
	author = {EDUCACIÓN 3.0},
	title = {¿{Qué} es la gamificación y cuáles son sus objetivos? {\textbar} {EDUCACIÓN} 3.0},
	url = {https://www.educaciontrespuntocero.com/noticias/gamificacion-que-es-objetivos/},
	abstract = {¿Qué es la gamificación? Esta técnica de aprendizaje traslada la mecánica de los juegos al ámbito educativo. Te contamos en qué consiste},
	language = {es},
	urldate = {2023-05-17},
	month = aug,
	year = {2019},
	note = {Section: Noticias},
    howpublished = "\url{https://www.educaciontrespuntocero.com/noticias/gamificacion-que-es-objetivos/}"
}

@misc{gamificacion2,
	author = {Virginia Gaitán},
	title = {Gamificación: el aprendizaje divertido {\textbar} educativa},
	url = {https://www.educativa.com/blog-articulos/gamificacion-el-aprendizaje-divertido/},
 	language = {es},
	urldate = {2023-05-17},
    howpublished = "\url{https://www.educativa.com/blog-articulos/gamificacion-el-aprendizaje-divertido/}"
}


@misc{seriousgames,
	author = {Karina Fuerte},
	title = {¿{Qué} son los {Serious} {Games}?},
	url = {https://observatorio.tec.mx/edu-news/que-son-los-serious-games/},
	abstract = {Los serious games son especialmente eficaces para el aprendizaje de habilidades concretas, desde aprender matemáticas, idiomas o prevenir el bullying.},
	language = {es},
	urldate = {2023-05-17},
	month = sep,
	year = {2018},
 	journal = {Observatorio / Instituto para el Futuro de la Educación},
	howpublished = "\url{https://observatorio.tec.mx/edu-news/que-son-los-serious-games/}"
}

@misc{e-learning,
	author = {Santander Universidades},
	title = {¿{Qué} es el e-learning y cómo está transformando la educación?},
	url = {https://www.becas-santander.com/es/blog/e-learning.html},
	abstract = {Descubre qué es y qué no es el e-learning, una tendencia que está cambiando y cambiará el mundo de la educación para siempre.},
	language = {es},
	urldate = {2023-05-17},
	month = mar,
	year = {2022},
    howpublished = "\url{https://www.becas-santander.com/es/blog/e-learning.html}"
}

@misc{e-learning2,
	author = {Andrés Herrera},
	title = {Qué es el {eLearning} y qué modalidades hay},
	url = {https://www.innovacionycualificacion.com/plataforma-elearning/que-es-elearning/},
	abstract = {¿Qué es el eLearning? ¿Qué ventajas ofrece? ¿Cuántas modalidades ofrece? Si estás pensando en dar el salto a la teleformación, respondemos a tus dudas.},
	language = {es},
	urldate = {2023-05-17},
	month = jul,
	year = {2021},
    journal = {Innovación y Cualificación},
    howpublished = "\url{https://www.innovacionycualificacion.com/plataforma-elearning/que-es-elearning/}"
}


@misc{formacion_flask,
	author = {DigitalOcean},
	title = {Cómo crear una aplicación {Web} usando {Flask} en {Python} 3 {\textbar} {DigitalOcean}},
	url = {https://www.digitalocean.com/community/tutorials/how-to-make-a-web-application-using-flask-in-python-3-es},
	abstract = {El autor seleccionó la Free and Open Source Fund para recibir una donación como parte del programa Write for DOnations. Flask es un marco web de Python peque…},
	language = {en},
	urldate = {2023-05-25},
    howpublished = "\url{https://www.digitalocean.com/community/tutorials/how-to-make-a-web-application-using-flask-in-python-3-es}"
}

@misc{doc-bootstrap,
    author = {contributors Jacob Thornton {and} Bootstrap Mark Otto},
	title = {Get started with {Bootstrap}},
	url = {https://getbootstrap.com/docs/5.3/getting-started/introduction/},
	abstract = {Bootstrap is a powerful, feature-packed frontend toolkit. Build anything—from prototype to production—in minutes.},
	language = {en},
	urldate = {2023-05-25},
	howpublished = "\url{https://getbootstrap.com/docs/5.3/getting-started/introduction/}"
}

@misc{Flask_bib,
    author = {José Domingo Muñoz},
	title = {Qué es {Flask} y ventajas que ofrece},
	url = {https://openwebinars.net/blog/que-es-flask/},
	abstract = {Te contamos qué es Flask, el microframework de Python quee permite crear aplicaciones web con pocas lineas de código.},
	language = {es},
	urldate = {2023-03-15},
	month = nov,
	year = {2017},
	journal = {OpenWebinars.net},
    howpublished = "\url{https://openwebinars.net/blog/que-es-flask/}"
}

@misc{bootstrap,
	author = {Ernesto G. Bustamante },
	title = {Qué es {Bootstrap}: {Significado} y {Definición}},
	url = {https://aulacm.com/que-es/bootstrap-significado-definicion/},
	abstract = {Bootstrap es un framework gratuito orientado al desarrollo web y además se trate de un proyecto de código abierto (open source). El objetivo de Boostrap es facilitar y agilizar el desarrollo de sitios web cumpliendo con unos estándares de diseño, adaptabilidad a dispositivos móviles (diseño responsive) y usabilidad. Su traducción en español podría ser algo},
	language = {es},
	urldate = {2023-05-28},
        howpublished = "\url{https://aulacm.com/que-es/bootstrap-significado-definicion/}"
}

@misc{gitbook,
	author = {Txema Rodríguez},
	title = {{GitBook}, crea documentación técnica y libros usando {Markdown} y {Git}/{Github} de forma flexible},
	url = {https://www.genbeta.com/desarrollo/gitbook-crea-documentacion-tecnica-y-libros-usando-markdown-y-git-github-de-forma-flexible},
	abstract = {GitBook es una excelente herramienta para crear documentación de proyectos y libros técnicos usando Markdown y Git/Github. Permite incluir ejemplos y...},
	language = {es},
	urldate = {2023-05-28},
	month = apr,
	year = {2014},
	note = {Section: desarrollo},
 	journal = {Genbeta},
	howpublished = "\url{https://www.genbeta.com/desarrollo/gitbook-crea-documentacion-tecnica-y-libros-usando-markdown-y-git-github-de-forma-flexible}"
}

@misc{PostgreSQL_bib,
    author = {Santiago Borges},
	title = {¿{Qué} es {PostgreSQL}? - {Para} qué sirve, {Características} e {Instalación}},
	url = {https://blog.infranetworking.com/servidor-postgresql/},
    abstract = {Conoce qué es PostgreSQL, breve historia, para qué sirve, sus características, comparación vs MySQL, y como instalarlo en tu servidor Linux.},
    language = {es},
    urldate = {2023-02-20},
    month = nov,
	year = {2019},
    journal = {Infranetworking},
	howpublished = "\url{https://blog.infranetworking.com/servidor-postgresql/}"
}

@misc{Zotero_bib,
    author = {Wikipedia},
	title = {Zotero},
	copyright = {Creative Commons Attribution-ShareAlike License},
	url = {https://es.wikipedia.org/w/index.php?title=Zotero&oldid=148468399},
	abstract = {Zotero (de zotëroj, verbo albanés que significa adquirir o dominar una habilidad) es un gestor de referencias bibliográficas, libre  (gratuito y de código abierto)[2]​  desarrollado por el Center for History and New Media de la Universidad George Mason. Es un programa multiplataforma, es compatible con el sistema operativo Windows, Mac OS X y GNU/Linux. y con los navegadores Chrome, Safari, Firefox y Edge.  La versión más reciente es Zotero 6.[3]​},
	language = {es},
	urldate = {2023-02-16},    
	month = jan,
	year = {2023},
    journal = {Wikipedia, la enciclopedia libre},
    howpublished = "\url{https://es.wikipedia.org/w/index.php?title=Zotero&oldid=148468399}"
}

@misc{heroku_bib,
    author = {Wikipedia},
	title = {Heroku},
	copyright = {Creative Commons Attribution-ShareAlike License},
	url = {https://es.wikipedia.org/w/index.php?title=Heroku&oldid=151170100},
	abstract = {Heroku es una plataforma como servicio (PaaS) que admite varios lenguajes de programación. Una de las primeras plataformas en la nube, Heroku ha estado en desarrollo desde junio de 2007, cuando solo admitía el lenguaje de programación Ruby, pero ahora admite Java, Node.js, Scala, Clojure, Python, PHP y Go.[2]​ Por esta razón, se dice que Heroku es una plataforma políglota, ya que tiene características para que un desarrollador cree, ejecute y escale aplicaciones de manera similar en la mayoría de los idiomas. Heroku fue adquirida por Salesforce en 2010 por 212 millones de dólares.[3]​},
	language = {es},
	urldate = {2023-05-25},
	journal = {Wikipedia, la enciclopedia libre},
	month = may,
	year = {2023},
    journal = {Wikipedia, la enciclopedia libre},
	howpublished = "\url{https://es.wikipedia.org/w/index.php?title=Heroku&oldid=151170100}"
}

@misc{drawio_bib,
    author = {Wikipedia},
	title = {Diagrams.net},
	copyright = {Creative Commons Attribution-ShareAlike License},
	url = {https://en.wikipedia.org/w/index.php?title=Diagrams.net&oldid=1142089111},
	abstract = {diagrams.net (previously draw.io) is a free and open source cross-platform graph drawing software developed in HTML5 and JavaScript. Its interface can be used to create diagrams such as flowcharts, wireframes, UML diagrams, organizational charts, and network diagrams.diagrams.net is available as online cross-browser web app, and as offline desktop application for Linux, macOS, and Windows. Its offline application is built using the Electron framework. The web app does not require online login or registration and can open from and save to the local hard drive. Supported storage and export formats to download include PNG, JPEG, SVG, and PDF.It also integrates with cloud services for storage including Dropbox, OneDrive, Google Drive, GitHub, and GitLab.com.It is also available as plugin to embed the web app in platforms such as NextCloud, MediaWiki, Notion, Atlassian Confluence, and Jira.It has been described by tech reviewers such as TechRadar and PCMag as an alternative to Lucidchart, Microsoft Visio, and SmartDraw.},
	language = {en},
	urldate = {2023-05-25},
	month = feb,
	year = {2023},
	journal = {Wikipedia},
	howpublished = "\url{https://en.wikipedia.org/w/index.php?title=Diagrams.net&oldid=1142089111}"
}

@misc{Overleaf_bib,
    author = {Alberto Albarracín Ramírez},
	title = {Guías {BibUpo}: {LaTeX}: redacción de documentos científicos: {Trabajando} con {Overleaf}},
	copyright = {Copyright Universidad Pablo de Olavide 2023},
	url = {https://guiasbib.upo.es/latex/Trabajando-con-Overleaf},
	abstract = {Guía general sobre el uso del lenguaje de creación de documentos científicos LaTeX y su aplicación con la herramienta Overleaf. Trabajando con Overleaf: herramienta online de composición de documentos en LaTeX},
	language = {es},
	urldate = {2023-02-16},
    month = jan,
    year = {2023},
    howpublished = "\url{https://guiasbib.upo.es/latex/Trabajando-con-Overleaf}"
}

@misc{Scrum1_bib,
    author = {Javier Sáez Hurtado},
	title = {Cómo funciona la {Metodología} {Scrum}: {Qué} es y cómo utilizarla},
	url = {https://www.iebschool.com/blog/metodologia-scrum-agile-scrum/},
	abstract = {Metodología Scrum: Descubre qué es la Metodología Scrum y cómo utilizarla para acometer proyectos complejos de una forma dinámica.},
	language = {es},
	urldate = {2023-03-15},
	month = dec,
	year = {2021},
	journal = {Thinking for Innovation},
    howpublished = "\url{https://www.iebschool.com/blog/metodologia-scrum-agile-scrum/}"
}

@misc{Scrum2_bib,
    author = {Wikipedia},
	title = {Scrum (desarrollo de software)},
	copyright = {Creative Commons Attribution-ShareAlike License},
	url = {https://es.wikipedia.org/w/index.php?title=Scrum_(desarrollo_de_software)&oldid=148233785},
	abstract = {Scrum es un marco de trabajo para desarrollo ágil de software que se ha expandido a otras industrias.
    Es un proceso en el que se aplican de manera regular un conjunto de buenas prácticas para trabajar colaborativamente, en equipo y obtener el mejor resultado posible de proyectos, caracterizado por:[1]​

    Adoptar una estrategia de desarrollo incremental, en lugar de la planificación y ejecución completa del producto.
    Basar la calidad del resultado más en el conocimiento tácito de las personas en equipos auto organizados, que en la calidad de los procesos empleados.
    Solapar las diferentes fases del desarrollo, en lugar de realizar una tras otra en un ciclo secuencial o en cascada.},
	language = {es},
	urldate = {2023-03-15},
	month = dec,
	year = {2022},
	journal = {Wikipedia, la enciclopedia libre},
    howpublished = "\url{https://es.wikipedia.org/w/index.php?title=Scrum_(desarrollo_de_software)&oldid=148233785}"
}

@misc{GitHub1_bib,
    author = {Diegocamachop},
	title = {Qué es {GitHub} y cómo empezar a usarlo de forma correcta},
	url = {https://platzi.com/blog/que-es-github-como-funciona/},
    language = {es},	
    urldate = {2023-03-15},
	year = {2021},
    howpublished = "\url{https://platzi.com/blog/que-es-github-como-funciona/}"
}

@misc{GitHub2_bib,
    author = {Luciano Castillo},
	title = {Introducción — {Conociendo} {GitHub} 0.1 documentation},
	url = {https://conociendogithub.readthedocs.io/en/latest/data/introduccion/},
    language = {es},
	urldate = {2023-03-15},
	year = {2012},
	howpublished = "\url{https://conociendogithub.readthedocs.io/en/latest/data/introduccion/}"
}

@misc{GitHubDesktop_bib,
    author = {GitHub Docs},
	title = {Comenzar con {GitHub} {Desktop}},
	url = {https://ghdocs-prod.azurewebsites.net/es/desktop/installing-and-configuring-github-desktop/overview/getting-started-with-github-desktop},
	abstract = {Aprende cómo ajustar, autenticar y configurar GitHub Desktop para permitirte contribuir en proyectos directamente desde tu máquina.},
	language = {es},
	urldate = {2023-03-15},
	journal = {GitHub Docs},
	howpublished = "\url{https://ghdocs-prod.azurewebsites.net/es/desktop/installing-and-configuring-github-desktop/overview/getting-started-with-github-desktop}"
}

@misc{ZenHub_bib,
    author = {Juan Diego Polo},
	title = {zenhub, plataforma de gestión de proyectos integrada en {Github}, ahora gratis para estudiantes},
	url = {https://wwwhatsnew.com/2015/09/24/zenhub-plataforma-de-gestion-de-proyectos-integrada-en-github-ahora-gratis-para-estudiantes/},
	abstract = {ZenHub es una plataforma de gestión de proyectos que hace algo más que integrarse en github: funciona como una aplicación nativa en su interfaz. Desde allí­ podemos controlar nuestros proyectos usando paneles de trabajo bastante intuitivos, así­ como conectar con varios repositorios en el panel de tareas y ver todos los temas abiertos que requieren},
	language = {es},
	urldate = {2023-03-15},
	month = sep,
	year = {2015},
	howpublished = "\url{https://wwwhatsnew.com/2015/09/24/zenhub-plataforma-de-gestion-de-proyectos-integrada-en-github-ahora-gratis-para-estudiantes/}"
}


@misc{Zube_bib,
    author = {Alex Galera},
	title = {Zube, un sistema de gestión de proyectos para programadores},
	url = {https://wwwhatsnew.com/2015/10/04/zube-un-sistema-de-gestion-de-proyectos-para-programadores/},
    language = {es},
	urldate = {2023-04-12},
	month = oct,
	year = {2015},
	howpublished = "\url{https://wwwhatsnew.com/2015/10/04/zube-un-sistema-de-gestion-de-proyectos-para-programadores/}"
}


@misc{LaTeX_bib,
    author = {Wikipedia},
	title = {{LaTeX}},
	copyright = {Creative Commons Attribution-ShareAlike License},
	url = {https://es.wikipedia.org/w/index.php?title=LaTeX&oldid=149680576},
	abstract = {LaTeX es un sistema de composición de textos, orientado a la creación de documentos escritos que presenten una alta calidad tipográfica. Por sus características y posibilidades, es usado de forma especialmente intensa en la generación de artículos y libros científicos que incluyen, entre otros elementos, expresiones matemáticas.
    LaTeX está formado por un gran conjunto de macros de TeX, escrito por Leslie Lamport en 1984, con la intención de facilitar el uso del lenguaje de composición tipográfica, creado por Donald Knuth. Es muy utilizado para la composición de artículos académicos, tesis y libros técnicos, dado que la calidad tipográfica de los documentos realizados en LaTeX, se considera adecuada a las necesidades de una editorial científica de primera línea, muchas de las cuales ya lo emplean.
    LaTeX es software libre bajo licencia LPPL.},
	language = {es},
	urldate = {2023-03-15},
	month = mar,
	year = {2023},
	journal = {Wikipedia, la enciclopedia libre},
    howpublished = "\url{https://es.wikipedia.org/w/index.php?title=LaTeX&oldid=149680576}"
}

@misc{Figma1_bib,
    author = {Wikipedia},
	title = {Figma},
	copyright = {Creative Commons Attribution-ShareAlike License},
	url = {https://es.wikipedia.org/w/index.php?title=Figma&oldid=147926756},
	abstract = {Figma es un editor de gráficos vectorial y una herramienta de generación de prototipos, principalmente basada en la web, con características off-line adicionales habilitadas por aplicaciones de escritorio en macOS y Windows. Las aplicaciones Figma Mirror companion para Android y iOS permiten mirar los prototipos de Figma en dispositivos móviles.[1]​ El conjunto de funciones de Figma, se enfoca en el uso de la interfaz de usuario y el diseño de experiencia de usuario, con énfasis en la colaboración en tiempo real.[2]​},
	language = {es},
	urldate = {2023-03-15},
	month = dec,
	year = {2022},
	journal = {Wikipedia, la enciclopedia libre},
    howpublished = "\url{https://es.wikipedia.org/w/index.php?title=Figma&oldid=147926756}"
}

@misc{Figma2_bib,
    author = {Germán Garcés},
	title = {Ventajas de usar {Figma} como herramienta de diseño {UI} - {Blog} de {Hiberus} {Tecnología}},
	url = {https://www.hiberus.com/crecemos-contigo/ventajas-de-usar-figma-como-herramienta-de-diseno-ui/},
	language = {es},
    urldate = {2023-03-15},
	month = jan,
	year = {2022},
	howpublished = "\url{https://www.hiberus.com/crecemos-contigo/ventajas-de-usar-figma-como-herramienta-de-diseno-ui/}"
}

@misc{Python1_bib,
	title = {¿{Qué} es {Python}? - {Explicación} del lenguaje {Python} - {AWS}},
	url = {https://aws.amazon.com/es/what-is/python/},
	abstract = {Descubra más acerca del lenguaje de programación sencillo Python, de sus beneficios y de los recursos para utilizarlo.},
	language = {es-ES},
	urldate = {2023-03-15},
	journal = {Amazon Web Services, Inc.},
    howpublished = "\url{https://aws.amazon.com/es/what-is/python/}"
}

@misc{Python2_bib,
    author = {Santander Universidades},
	title = {¿{Qué} es {Python}? {\textbar} {Blog} {Becas} {Santander}},
	url = {https://www.becas-santander.com/es/blog/python-que-es.html},
	language = {es},
    urldate = {2023-03-15},
	month = apr,
	year = {2021},
	howpublished = "\url{https://www.becas-santander.com/es/blog/python-que-es.html}"
}

@misc{Repositorio,
    author = {JMgalan},
	title = {Repositorio de juegos para el aula – {CIO} docencia. {Innovación} {Docente}},
	url = {https://epsapps.udg.edu/cioblog/index.php/2019/12/13/repositorio-de-juegos-para-el-aula/},
	language = {es},
	urldate = {2023-03-15},
	month = dec,
	year = {2019},
	howpublished = "\url{https://epsapps.udg.edu/cioblog/index.php/2019/12/13/repositorio-de-juegos-para-el-aula/}"
}

-----------------------------------------------------------------------------

@misc{psycopg2,
	author = {Patricio Soriano},
	title = {Psycopg2 para acceder a una base de datos {PostGIS} con {Python}},
	url = {https://geoinnova.org/blog-territorio/libreria-psycopg2-para-acceder-a-una-base-de-datos-postgis-con-python/},
	abstract = {Te contamos como acceder, consultar y operar en unabase de datos geográfica PostgreSQL-PostGIS con la librería psycopg2 de python},
    language = {es},
	urldate = {2023-05-16},
	month = feb,
	year = {2023},
    journal = {Geoinnova},
    howpublished = "\url{https://geoinnova.org/blog-territorio/libreria-psycopg2-para-acceder-a-una-base-de-datos-postgis-con-python/}"
}

@misc{MVC,
	author = {Codeicus},
	title = {Arquitectura {MVC} - {Parte} 1},
	url = {https://medium.com/somos-codeicus/arquitectura-mvc-conceptos-b%C3%A1sicos-481062755df9},
	abstract = {Conceptos básicos},
	language = {en},
	urldate = {2023-05-16},
	month = apr,
	year = {2020},
    journal = {Codeicus},
	howpublished = "\url{https://medium.com/somos-codeicus/arquitectura-mvc-conceptos-b%C3%A1sicos-481062755df9}"
}

@misc{http,
	title = {Protocolo de transferencia de hipertexto},
	copyright = {Creative Commons Attribution-ShareAlike License},
	url = {https://es.wikipedia.org/w/index.php?title=Protocolo_de_transferencia_de_hipertexto&oldid=150180985},
	abstract = {El Protocolo de transferencia de hipertexto (en inglés: Hypertext Transfer Protocol, abreviado HTTP) es el protocolo de comunicación que permite las  transferencias de información  a través de archivos (XML, HTML…) en la World Wide Web. Fue desarrollado por el World Wide Web Consortium y la Internet Engineering Task Force, colaboración que culminó en 1999 con la publicación de una serie de RFC, siendo el más importante de ellos el RFC 2616 que especifica la versión 1.1. HTTP define la sintaxis y la semántica que utilizan los elementos de software de la arquitectura web (clientes, servidores, proxies) para comunicarse. 
HTTP es un protocolo sin estado, por lo que no guarda ninguna información sobre conexiones anteriores. El desarrollo de aplicaciones web necesita frecuentemente mantener estado. Para esto se usan las cookies, que es información que un servidor puede almacenar en el sistema cliente. Esto le permite a las aplicaciones web instituir la noción de sesión, y también permite rastrear usuarios, ya que las cookies pueden guardarse en el cliente por tiempo indeterminado.},
	language = {es},
	urldate = {2023-05-16},
	month = mar,
	year = {2023},
    journal = {Wikipedia, la enciclopedia libre},
	howpublished = "\url{https://es.wikipedia.org/w/index.php?title=Protocolo_de_transferencia_de_hipertexto&oldid=150180985}"
}

@misc{framework,
	title = {Framework: ¿{Qué} es y qué tipos hay?},
	url = {https://open-bootcamp.com/aprender-programar/que-es-un-framework},
	abstract = {Conceptos e Introducción a la Programación. Framework: ¿Qué es, qué tipos existen y cuáles son sus ventajas?},
	language = {es},
	urldate = {2023-05-16},
    howpublished = "\url{https://open-bootcamp.com/aprender-programar/que-es-un-framework}"
}

@misc{backend,
	author = {Arimetrics},
	title = {Qué es {Backend} - {Definición}, significado y ejemplos},
	url = {https://www.arimetrics.com/glosario-digital/backend},
	abstract = {Significado de backend. Descubre en el glosario digital de Arimetrics qué es, ejemplos y aplicaciones del backend y muchos otros términos.},
	language = {es-ES},
	urldate = {2023-05-16},
	month = jan,
	year = {2020},
    
}

@misc{frontendybackend,
	author = {Maldeadora},
	title = {Qué es {Frontend} y {Backend}: diferencias y características},
	url = {https://platzi.com/blog/que-es-frontend-y-backend/},
	abstract = {Frontend es la parte de un sitio web que interactúa con los usuarios, por eso decimos que está del lado del cliente. Backend{\textless}/stro},
	language = {es},
	urldate = {2023-05-16},
	year = {2018},
    journal = {Platzi},
    howpublished = "\url{https://platzi.com/blog/que-es-frontend-y-backend/}"
}


@misc{getypost,
	author = {Mozilla Corporation’s},
	title = {Métodos de petición {HTTP} - {HTTP} {\textbar} {MDN}},
	url = {https://developer.mozilla.org/es/docs/Web/HTTP/Methods},
	abstract = {HTTP define un conjunto de métodos de petición para indicar la acción que se desea realizar para un recurso determinado. Aunque estos también pueden ser sustantivos, estos métodos de solicitud a veces son llamados HTTP verbs. Cada uno de ellos implementan una semántica diferente, pero algunas características similares son compartidas por un grupo de ellos: ej. un request method puede ser safe, idempotent (en-US), o cacheable.},
	language = {es},
	urldate = {2023-05-16},
	month = nov,
	year = {2022},
	howpublished = "\url{https://developer.mozilla.org/es/docs/Web/HTTP/Methods}"
}

@misc{dif1,
	title = {Diferencias entre el {Método} {GET} y {POST}},
	url = {https://pc-solucion.es/tecnologia/diferencias-entre-el-metodo-get-y-post/},
	language = {es},
	urldate = {2023-05-16},
	month = jun,
	year = {2018},
    howpublished = "\url{https://pc-solucion.es/tecnologia/diferencias-entre-el-metodo-get-y-post/}"
}

@misc{dif2,
	title = {{GET} vs. {POST}: los dos métodos de petición {HTTP} más conocidos cara a cara},
	url = {https://www.ionos.es/digitalguide/paginas-web/desarrollo-web/get-vs-post/},
	abstract = {Los métodos GET y POST de HTTP llegan al mismo resultado, pero tienen características distintas. Te aclaramos las similitudes y diferencias entre GET y POST.},
	language = {es-ES},
	urldate = {2023-05-16},
	month = aug,
	year = {2020},
	journal = {IONOS Digital Guide},
    howpublished = "\url{https://www.ionos.es/digitalguide/paginas-web/desarrollo-web/get-vs-post/}"
}



----------------------------------------------------------------------------
@misc{wordpress,
	url = {http://wordpress.insisoc.org/gamification/index.php/searcher/},
	language = {es},
    urldate = {2023-03-15},
	howpublished = "\url{http://wordpress.insisoc.org/gamification/index.php/searcher/}"
}
----------------------------------------------------------------------------

@misc{RESTfull_Jorge,
    author = {Jorge Zapata Alburquerque},
	title = {Desarrollo de una aplicación web RESTfull basada en Spring y Angular},
    url = {https://repositorio.upct.es/xmlui/bitstream/handle/10317/9055/tfg-zap-apl.pdf?sequence=1&isAllowed=y},
	language = {es},
    urldate = {2023-03-15},
    month = jan,
	year = {2016},
    howpublished = "\url{https://repositorio.upct.es/xmlui/bitstream/handle/10317/9055/tfg-zap-apl.pdf?sequence=1&isAllowed=y}"
}

@misc{ponce_web_2020,
    author = {Pablo Sánchez Ponce},
	title = {Web corporativa e intranet para una consultora tecnológica},
    url = {https://openaccess.uoc.edu/bitstream/10609/116207/7/pabloponceTFG0620memoria.pdf},
	language = {es},
    urldate = {2023-03-15},
	month = jun,
	year = {2020},
    howpublished = "\url{https://openaccess.uoc.edu/bitstream/10609/116207/7/pabloponceTFG0620memoria.pdf}"
}

@misc{pop_desarrollo_2020,
    author = {Ciprian Ilut Pop},
	title = {Desarrollo de {Aplicación} {Web} para {Administración} de {Sensores} {Inalámbricos} {Mediante} el {Estándar} {BACnet}},
    url = {https://oa.upm.es/64755/1/TFG_CIPRIAN_ILUT_POP.pdf},
	language = {es},
    urldate = {2023-03-15},
	month = sep,
	year = {2020},
    howpublished = "\url{https://oa.upm.es/64755/1/TFG_CIPRIAN_ILUT_POP.pdf}"
}

-----------------------

@misc{request,
	author = {Manual Web},
	title = {Request {Flask} {\textbar} {Manual} {Web}},
	url = {https://www.manualweb.net/flask/request-flask/},
    language = {es},
	urldate = {2023-05-11},
	year = {2023},
    howpublished = "\url{https://www.manualweb.net/flask/request-flask/}"
}

@misc{redirect,
	author = {pythonbasics},
	title = {Flask redirect and errors - {Python} {Tutorial}},
	url = {https://pythonbasics.org/flask-redirect-and-errors/},
    language = {en},
	urldate = {2023-05-11},
	year = {2021},
	howpublished = "\url{https://pythonbasics.org/flask-redirect-and-errors/}"
}

@misc{url,
	author = {javatpoint},
	title = {Flask {URL} {Building} - {Javatpoint}},
	url = {https://www.javatpoint.com/flask-url-building},
	abstract = {Flask URL Building with Tutorial, Environment Setup, python, overview, routing, http method, introduction, application, variable rules, url building, request, cookies, static files, file uploading, mail etc.},
	language = {en},
	urldate = {2023-05-11},
	year = {2021},
    journal = {www.javatpoint.com},
	howpublished = "\url{https://www.javatpoint.com/flask-url-building}"
}

@misc{session,
	author = {pythonbasics},
	title = {Session data in {Python} {Flask} - {Python} {Tutorial}},
	url = {https://pythonbasics.org/flask-sessions/},
    language = {en},
	urldate = {2023-05-11},
	year = {2021},
    howpublished = "\url{https://pythonbasics.org/flask-sessions/}"
}

@misc{send_file,
	title = {flask.send\_file — {Flask} {API}},
	url = {https://tedboy.github.io/flask/generated/flask.send_file.html},
    language = {en},
	urldate = {2023-05-11},
	howpublished = "\url{https://tedboy.github.io/flask/generated/flask.send_file.html}"
}

@misc{UserMixin,
	author = {Daniel Seyi},
	title = {"{What} is the {UserMixin} in {Flask}?"},
	url = {https://stackoverflow.com/a/63232145},
    language = {en},
	urldate = {2023-05-11},
	month = aug,
	year = {2020},
    journal = {Stack Overflow},
    howpublished = "\url{https://stackoverflow.com/a/63232145}"
}

@misc{render_template,
    author = {grokkeepcoding},
	title = {¿{Qué} es render template de {Flask}? {\textbar} {KeepCoding} {Bootcamps}},
	url = {https://keepcoding.io/blog/que-es-render-template-de-flask/},
	abstract = {¿Sabes qué es render template de Flask y para qué sirve? En este artículo, te explicamos cómo utilizar esta función del framework de Python.},
	language = {es},
	urldate = {2023-05-11},
	month = aug,
	year = {2022},
    howpublished = "\url{https://keepcoding.io/blog/que-es-render-template-de-flask/}"
}

@misc{os,
	author = {Python Software Foundation},
	title = {os — {Interfaces} misceláneas del sistema operativo — documentación de {Python} - 3.10.11},
	url = {https://docs.python.org/es/3.10/library/os.html},
    language = {es},
	urldate = {2023-05-11},
	year = {2021},
	howpublished = "\url{https://docs.python.org/es/3.10/library/os.html}"
}

@misc{math,
    author = {Python Software Foundation},
	title = {math — {Funciones} matemáticas — documentación de {Python} - 3.10.11},
	url = {https://docs.python.org/es/3.10/library/math.html},
    language = {es},
	urldate = {2023-05-11},
	year = {2021},
    howpublished = "\url{https://docs.python.org/es/3.10/library/math.html}"
}

@misc{unidecode,
    author = {Python Software Foundation},
	title = {Unidecode: {ASCII} transliterations of {Unicode} text},
	copyright = {OSI Approved :: GNU General Public License v2 or later},
    url = {https://pypi.org/project/Unidecode/},
    language = {en},
    urldate = {2023-05-11},
	year = {2023},
	howpublished = "\url{https://pypi.org/project/Unidecode/}"
}

@misc{datetime,
    author = {Python Software Foundation},
	title = {datetime — {Tipos} básicos de fecha y hora},
	url = {https://docs.python.org/3/library/datetime.html},
	abstract = {Código fuente: Lib/datetime.py El módulo datetime proporciona clases para manipular fechas y horas. Si bien la implementación permite operaciones aritméticas con fechas y horas, su principal objeti...},
	language = {en},
	urldate = {2023-05-11},
	year = {2021},
    journal = {Python documentation},
	howpublished = "\url{https://docs.python.org/3/library/datetime.html}"
}

@misc{Werkzeug,
	author = {Pallets},
	title = {Utilities — {Werkzeug} {Documentation} (2.3.x)},
	url = {https://werkzeug.palletsprojects.com/en/2.3.x/utils/},
    language = {en},
	urldate = {2023-05-11},
	year = {2007},
	howpublished = "\url{https://werkzeug.palletsprojects.com/en/2.3.x/utils/}"
}

@misc{Werkzeug2,
	author = {Pallets},
	title = {Utilities — {Werkzeug} {Documentation} (1.0.x)},
	url = {https://werkzeug.palletsprojects.com/en/1.0.x/utils/},
    language = {en},
	urldate = {2023-05-11},
	year = {2007},
	howpublished = "\url{https://werkzeug.palletsprojects.com/en/1.0.x/utils/}"
}

@misc{flask-login,
	title = {Flask-{Login} — {Flask}-{Login} 0.7.0 documentation},
	url = {https://flask-login.readthedocs.io/en/latest/},
    language = {en},
	urldate = {2023-05-11},
	howpublished = "\url{https://flask-login.readthedocs.io/en/latest/}"
}

@misc{font,
	author = {eduk2},
	title = {Font {Awesome} ¿{Qué} es y cómo se usa?},
	url = {https://www.aquihaydominios.com/blog/font-awesom-que-es-y-como-se-usa/},
	language = {es},
	urldate = {2023-05-11},
	month = may,
	year = {2014},
    journal = {Aquí hay dominios},
	howpublished = "\url{https://www.aquihaydominios.com/blog/font-awesom-que-es-y-como-se-usa/}"
}

@misc{RACO,
	author = {CSUC},
	title = {{RACO} – {RACO}},
	url = {https://raco.cat/raco/index.php/es/inicio/},
	language = {es-ES},
	urldate = {2023-05-28},
        howpublished = "\url{https://raco.cat/raco/index.php/es/inicio/}"
}

@misc{dotenv,
	author = {Miguel Angel Alvarez},
	title = {Variables de entorno en {PHP} con archivos .env},
	url = {https://desarrolloweb.com/articulos/variables-entorno-php-env.html},
    language = {es},
	urldate = {2023-05-25},
	month = feb,
	year = {2020},
    howpublished = "\url{https://desarrolloweb.com/articulos/variables-entorno-php-env.html}"
}