@misc{postgresql-license,
        author = {PostgreSQL},
	title = {{PostgreSQL}: {License}},
	url = {https://www.postgresql.org/about/licence/},
	language = {en},
	urldate = {2023-05-26},
	month = may,
	year = {2023},
        howpublished = "\url{https://www.postgresql.org/about/licence/}"
}

@misc{gnu,
        author = {Miguel Abad},
	title = {Licencias},
	url = {http://gnu.ist.utl.pt/licenses/licenses.es.html},
        language = {es},	
        urldate = {2023-05-26},
	month = aug,
	year = {2006},
        howpublished = "\url{http://gnu.ist.utl.pt/licenses/licenses.es.html}"
}

@misc{bsd,
	author = {Wikipedia},
	title = {Licencia {BSD}},
	url = {http://i3campus.co/CONTENIDOS/wikipedia/content/a/licencia_bsd.html},
        language = {es},	
	urldate = {2023-05-26},
	month = may,
	year = {2015},
        howpublished = "\url{http://i3campus.co/CONTENIDOS/wikipedia/content/a/licencia_bsd.html}"
}

@misc{isc,
	author = {Wikipedia},
	title = {Licencia ISC},
	url = {https://es.wikipedia.org/wiki/Licencia_ISC},	
	urldate = {2023-05-26},
	month = dec,
	year = {2022},
        howpublished = "\url{https://es.wikipedia.org/wiki/Licencia_ISC}"
}

@misc{bsd-2,
	author = {Inc, GitHub},
	title = {{BSD} 2-{Clause} “{Simplified}” {License}},
	url = {https://choosealicense.com/licenses/bsd-2-clause/},
	abstract = {A permissive license that comes in two variants, the BSD 2-Clause and BSD 3-Clause. Both have very minute differences to the MIT license.},
	language = {en},
	urldate = {2023-05-26},
	month = apr,
	year = {2023},
        journal = {Choose a License},
	howpublished = "\url{https://choosealicense.com/licenses/bsd-2-clause/}"
}

@misc{bsd-3,
        author = {FdIwiki ELP},
	title = {Licencia {BSD} - {FdIwiki} {ELP}},
	url = {https://wikis.fdi.ucm.es/ELP/Licencia_BSD},
        language = {es},
	urldate = {2023-05-26},
	month = jul,
	year = {2017},
	howpublished = "\url{https://wikis.fdi.ucm.es/ELP/Licencia_BSD}"
}
@misc{mit,
        author = {FdIwiki ELP},
	title = {Licencia {MIT} - {FdIwiki} {ELP}},
	url = {https://wikis.fdi.ucm.es/ELP/Licencia_MIT},
        language = {es},
	urldate = {2023-05-26},
	month = jul,
	year = {2017},
        howpublished = "\url{https://wikis.fdi.ucm.es/ELP/Licencia_MIT}"
}

@misc{lgpl,
	author = {Mozilla Corporation’s},
	title = {{LGPL} - {Glosario} de {MDN} {Web} {Docs}: {Definiciones} de términos relacionados con la {Web} {\textbar} {MDN}},
	url = {https://developer.mozilla.org/es/docs/Glossary/LGPL},
	abstract = {LGPL (GNU Lesser General Public License en español Licencia Pública General Reducida de GNU) es una licencia de software libre publicada por la Free Software Foundation. LGPL es una alternativa más permisiva que la estricta licencia copyleft GPL.},
	language = {es},
	urldate = {2023-05-26},
	month = nov,
	year = {2022},
	howpublished = "\url{https://developer.mozilla.org/es/docs/Glossary/LGPL}"
}

@misc{ss,
    author = "BOE",
    title = "Bases y tipos de cotización 2022",
    year = "2023",
    url = {https://www.seg-social.es/wps/portal/wss/internet/Trabajadores/CotizacionRecaudacionTrabajadores/36537?changeLanguage=es#101733},
    howpublished  = "\url{https://www.seg-social.es/wps/portal/wss/internet/Trabajadores/CotizacionRecaudacionTrabajadores/36537?changeLanguage=es#101733}"
}